@article{Krotzsch2012,
abstract = {This paper provides a self-contained first introduction to description logics (DLs). The main concepts and features are explained with examples before syntax and semantics of the DL SROIQ are defined in detail. Additional sections review light-weight DL languages, discuss the relationship to the Web Ontology Language OWL and give pointers to further reading.},
archivePrefix = {arXiv},
arxivId = {1201.4089v1},
author = {Kr\"{o}tzsch, Markus and SimanË‡, Franti\v{s}ek and Horrocks, Ian},
eprint = {1201.4089v1},
journal = {Language},
number = {January},
pages = {1--16},
title = {{A Description Logic Primer}},
url = {http://arxiv.org/abs/1201.4089},
volume = {abs/1201.4},
year = {2012}
}